@article {MR3494322,
    AUTHOR = {Sawin, William F.},
     TITLE = {Ordinary primes for {A}belian surfaces},
   JOURNAL = {C. R. Math. Acad. Sci. Paris},
  FJOURNAL = {Comptes Rendus Math\'ematique. Acad\'emie des Sciences. Paris},
    VOLUME = {354},
      YEAR = {2016},
    NUMBER = {6},
     PAGES = {566--568},
      ISSN = {1631-073X},
   MRCLASS = {11G10 (14K15)},
  MRNUMBER = {3494322},
MRREVIEWER = {John L. Boxall},
       DOI = {10.1016/j.crma.2016.01.025},
       URL = {https://doi.org/10.1016/j.crma.2016.01.025},
}

@article {MR1603865,
    AUTHOR = {Pink, Richard},
     TITLE = {{$l$}-adic algebraic monodromy groups, cocharacters, and the
              {M}umford-{T}ate conjecture},
   JOURNAL = {J. Reine Angew. Math.},
  FJOURNAL = {Journal f\"ur die Reine und Angewandte Mathematik. [Crelle's
              Journal]},
    VOLUME = {495},
      YEAR = {1998},
     PAGES = {187--237},
      ISSN = {0075-4102},
   MRCLASS = {11G10 (11G09 14G25)},
  MRNUMBER = {1603865},
MRREVIEWER = {Ben Moonen},
       DOI = {10.1515/crll.1998.018},
       URL = {https://doi.org/10.1515/crll.1998.018},
}
